
@misc{RFC2119,
  author       = "Bradner, S.", 
  title        = "Key words for use in {RFCs} to Indicate Requirement Levels", 
  year         = "1997", 
  month        = "March", 
  howpublished = "Internet Engineering Task Force", 
  note         = "{RFC} 2119", 
}

@misc{RFC8174,
  author       = "Leiba, B.", 
  title        = "Ambiguity of Uppercase vs Lowercase in {RFC} 2119 Key Words", 
  year         = "2017", 
  month        = "May", 
  howpublished = "Internet Engineering Task Force", 
  note         = "{RFC} 8174", 
}

@misc{RFC7159,
  author       = "Bray, T.", 
  title        = "The {JavaScript} Object Notation ({JSON}) Data Interchange Format", 
  year         = "2014", 
  month        = "March", 
  howpublished = "Internet Engineering Task Force", 
  note         = "{RFC} 7159", 
}

